@article{gamification_motivates,
  title    = {How gamification motivates: An experimental study of the effects of specific game design elements on psychological need satisfaction},
  journal  = {Computers in Human Behavior},
  volume   = {69},
  pages    = {371-380},
  year     = {2017},
  issn     = {0747-5632},
  doi      = {https://doi.org/10.1016/j.chb.2016.12.033},
  url      = {https://www.sciencedirect.com/science/article/pii/S074756321630855X},
  author   = {Michael Sailer and Jan Ulrich Hense and Sarah Katharina Mayr and Heinz Mandl},
  language = {english}
}

@misc{esa_report_2022,
  author       = {{ESA}},
  howpublished = {\url{https://www.theesa.com/resource/2022-essential-facts-about-the-video-game-industry/}},
  title        = {2022 Essential Facts About the Video Game Industry},
  language     = {english},
  note         = {acesso em 14/01/2023}
}

@book{jogos,
  title     = {Jogo, Brinquedo, Brincadeira e a Educação},
  publisher = {ABDR},
  year      = {2017},
  author    = {Kishimoto, Tizuko M.},
  volume    = {2017},
  language  = {portuguese}
}

@book{gilles_jogos,
  title     = {Brinquedo e Cultura},
  publisher = {Cortez editora},
  year      = {1997},
  author    = {Gilles Brougère},
  volume    = {2},
  language  = {portuguese}
}

@book{jacques_jeu,
  title     = {Le Jeu},
  publisher = {Presses Universitaires de Frace},
  year      = {1969},
  author    = {Jacques Henriot},
  volume    = {1}
}

@article{conceituacao_videogame,
  author   = {Fabiano Lucchese e Bruno Ribeiro},
  journal  = {Unicamp},
  title    = {Conceituação de Jogos Digitais},
  language = {portuguese}
}


@misc{wikipedia_gaming_industry,
  author       = {{Wikipedia}},
  howpublished = {\url{https://en.wikipedia.org/wiki/Video_game_industry}},
  title        = {Video game industry},
  language     = {english},
  note         = {acesso em 14/01/2023}
}

@article{video-game-economics,
  title    = {Value Creation in the Video Game Industry: Industry Economics, Consumer Benefits, and Research Opportunities},
  journal  = {Journal of Interactive Marketing},
  volume   = {27},
  number   = {3},
  pages    = {141-157},
  year     = {2013},
  issn     = {1094-9968},
  doi      = {https://doi.org/10.1016/j.intmar.2013.05.001},
  url      = {https://www.sciencedirect.com/science/article/pii/S1094996813000170},
  author   = {André Marchand and Thorsten Hennig-Thurau},
  language = {english}
}

@article{tecnologia-professores,
  author   = {Elaine Vieira de Almeida, Laiane Lima dos Santos Cantuária, Joana Corrêa Goulart},
  journal  = {REEDUC},
  number   = {2},
  title    = {Os avanços tecnológicos no século XXI: desafios para os professores na sala de aula},
  year     = {2021},
  volume   = {7},
  language = {english}
}

@misc{brasscom-tic,
  author       = {{Brasscom}},
  howpublished = {\url{https://brasscom.org.br/pdfs/relatorio-setorial-de-tic/}},
  title        = {Relatório Setorial de TIC 2021},
  language     = {portuguese},
  note         = {acesso em 14/01/2023}
}

@article{evasao-computacao,
  author   = {David Pereira de Araújo, Antoniel de Souza Alves, Ilda Neta Silva de Almeida},
  journal  = {Multi Debates ITOP},
  number   = {1},
  title    = {As TICS e a Evasão Escolar nos Cursos Superiores da Área de Computação: Um Estudo de Caso},
  year     = {2021},
  volume   = {5},
  language = {portuguese}
}

@book{processos_software,
  title     = {Processos de Software},
  publisher = {UNIASSELVI},
  year      = {2017},
  author    = {Simone Cristina Aléssio and Neli Miglioli Sabadin and Pedro Sidnei Zanchett},
  volume    = {2017},
  language  = {portuguese}
}

@article{agile_software_development,
  author   = {Pekka Abrahamsson, Outi Salo, Jussi Ronkainen and Juhani Warsta},
  journal  = {VTT Technical Research Centre of Finland},
  number   = {478},
  title    = {Agile Software Development Methods: Review and Analysis},
  year     = {2002},
  volume   = {2002},
  language = {english}
}

@book{scrum_guide,
  title     = {The Definitive Guide to Scrum: The Rules of the Game},
  publisher = {Ken Schwaber and Jeff Sutherland},
  year      = {2020},
  author    = {Ken Schwaber and Jeff Sutherland},
  language  = {english}
}

@misc{lgpd,
  author       = {{Secretaria-Geral da república}},
  howpublished = {\url{https://www.planalto.gov.br/ccivil_03/_ato2015-2018/2018/lei/l13709.htm}},
  title        = {LEI Nº 13.709, DE 14 DE AGOSTO DE 2018 (LGPD)},
  language     = {portuguese},
  note         = {acesso em 07/01/2023}
}

@book{git,
  title     = {Version Control With Git},
  publisher = {O'Reilly},
  year      = {2020},
  author    = {Jon Loeliger and Matthew McCullough},
  language  = {english}
}

@misc{gitflow_atlassian,
  author       = {{Atlassian}},
  howpublished = {\url{https://www.atlassian.com/git/tutorials/comparing-workflows/gitflow-workflow}},
  title        = {Gitflow Workflow},
  language     = {english},
  note         = {acesso em 25/12/2022}
}

@misc{react,
  author       = {{Meta}},
  howpublished = {\url{https://reactjs.org/}},
  title        = {React},
  language     = {english},
  note         = {acesso em 31/12/2022}
}

@misc{react-native,
  author       = {{Meta}},
  howpublished = {\url{https://reactnative.dev}},
  title        = {React Native},
  language     = {english},
  note         = {acesso em 31/12/2022}
}

@misc{jest,
  author       = {{Meta}},
  howpublished = {\url{https://jestjs.io/pt-BR/}},
  title        = {Jest},
  language     = {portuguese},
  note         = {acesso em 14/01/2023}
}

@book{test_automation,
  title     = {Software Test Automation},
  publisher = {ACM Pres},
  year      = {1999},
  author    = {Mark Fewster and Dorothy Graham},
  language  = {english}
}

@misc{firebase,
  author       = {{Google}},
  howpublished = {\url{https://firebase.google.com/}},
  title        = {Firebase},
  language     = {english},
  note         = {acesso em 31/12/2022}
}

@misc{firestore,
  author       = {{Google}},
  howpublished = {\url{https://firebase.google.com/docs/firestore}},
  title        = {Cloud Firestore},
  language     = {english},
  note         = {acesso em 31/12/2022}
}

@misc{vscode,
  author       = {{Microsoft}},
  howpublished = {\url{https://code.visualstudio.com/}},
  title        = {Visual Studio Code},
  language     = {english},
  note         = {acesso em 31/12/2022}
}

@misc{intellisense,
  author       = {{Microsoft}},
  howpublished = {\url{https://code.visualstudio.com/docs/editor/intellisense}},
  title        = {Visual Studio Code Intellisense},
  language     = {english},
  note         = {acesso em 31/12/2022}
}

@misc{typescript,
  author       = {{Microsoft}},
  howpublished = {\url{https://www.typescriptlang.org/}},
  title        = {Typescript},
  language     = {english},
  note         = {acesso em 31/12/2022}
}

@misc{javascript,
  author       = {{Mozilla}},
  howpublished = {\url{https://developer.mozilla.org/en-US/docs/Web/JavaScript}},
  title        = {Javascript},
  language     = {english},
  note         = {acesso em 31/12/2022}
}

@misc{android,
  author       = {{Google}},
  howpublished = {\url{https://developer.android.com/guide/platform}},
  title        = {Android},
  language     = {english},
  note         = {acesso em 31/12/2022}
}

@misc{mobile-os,
  author       = {{StatCounter}},
  howpublished = {\url{https://gs.statcounter.com/os-market-share/mobile/worldwide}},
  title        = {Mobile Operating System Market Share Worldwide},
  language     = {english},
  note         = {acesso em 31/12/2022}
}

@misc{politica-privacidade,
  author       = {{Pensador Jurídico}},
  howpublished = {\url{https://pensadorjuridico.jusbrasil.com.br/modelos-pecas/784935103/modelo-politica-de-privacidade}},
  title        = {[Modelo] Política de privacidade},
  language     = {portuguese},
  note         = {acesso em 05/01/2023}
}

@article{prototyping,
  author   = {Connell JL, Shafer LB.},
  journal  = {Prentice Hall International, Yourdon Press},
  number   = {1989},
  title    = {Structured Rapid Prototyping},
  volume   = {1989},
  year     = {1989},
  language = {english}
}

@misc{python-course,
  author       = {{W3schools}},
  howpublished = {\url{https://www.w3schools.com/python/python_exercises.asp}},
  title        = {Python Exercises},
  language     = {english},
  note         = {acesso em 08/01/2023}
}

@misc{mit-license,
  author       = {{choosealicense}},
  howpublished = {\url{https://choosealicense.com/licenses/mit/}},
  title        = {MIT license},
  language     = {english},
  note         = {acesso em 09/01/2023}
}

%%%%%%%%%%%%%%%%%%%%%%%%%%%%%%% Remove Later %%%%%%%%%%%%%%%%%%%%%%%%%%%%%%%%%%%

@article{Biolchini_2005_Systematicreviewin,
  author  = {Jorge Biolchini and P. Gomes Mian and A. Candida Cruz Natali and G. Horta Travassos},
  title   = {Systematic review in software engineering},
  journal = {System Engineering and Computer Science Department COPPE/UFRJ, Technical
             Report ES},
  year    = {2005},
  volume  = {679},
  number  = {05}
},

@article{greenwade93,
  author  = {George D. Greenwade},
  title   = {The {C}omprehensive {T}ex {A}rchive {N}etwork ({CTAN})},
  year    = {1993},
  journal = {TUGBoat},
  volume  = {14},
  number  = {3},
  pages   = {342--351}
},

@book{Knuth_1986_texbook,
  title     = {The texbook},
  publisher = {Addison-Wesley Reading, MA, USA},
  year      = {1986},
  author    = {Knuth, Donald Ervin and Bibby, Duane},
  volume    = {1993}
},

@book{lamport_latex:_1994,
  address    = {Reading, Mass.},
  title      = {{LATEX}: a document preparation system : user's guide and reference manual},
  isbn       = {0201529831 9780201529838},
  shorttitle = {{LATEX}},
  publisher  = {Addison-Wesley Pub. Co.},
  author     = {Lamport, Leslie},
  year       = {1994}
}

@book{newton1833philosophiae,
  title     = {Philosophiae naturalis principia mathematica},
  author    = {Newton, Isaac and Bernoulli, Daniel and MacLaurin, Colin and Euler, Leonhard},
  volume    = {1},
  year      = {1833},
  publisher = {excudit G. Brookman; impensis TT et J. Tegg, Londini}
},

@misc{Oetiker_1995_notsoshort,
  author = {Oetiker, Tobias and Partl, Hubert and Hyna, Irene and Schlegl, Elisabeth},
  title  = {The not so short introduction to LATEX2$\varepsilon$},
  year   = {1995},
  file   = {Oetiker_1995_notsoshort.pdf:Oetiker_1995_notsoshort.pdf:PDF}
},

@article{scr2009,
  title     = {The 2009 simulated car racing championship},
  author    = {Loiacono, Daniele and Lanzi, Pier Luca and Togelius, Julian and Onieva, Enrique and Pelta, David A and Butz, Martin V and L{\"o}nneker, Thies D and Cardamone, Luigi and Perez, Diego and S{\'a}ez, Yago and others},
  journal   = {Computational Intelligence and AI in Games, IEEE Transactions on},
  volume    = {2},
  number    = {2},
  pages     = {131--147},
  year      = {2010},
  publisher = {IEEE}
},

@misc{pinteric_latex_2004,
  title   = {{LaTeX} on {Windows}},
  url     = {http://www.pinteric.com/miktex.html},
  urldate = {2015-06-11},
  author  = {Pinteric, Marko},
  file    = {LaTeX on Windows:/home/gnramos/Dropbox/documents/config/zotero/storage/H4KEHQA5/miktex.html:text/html}
},

@book{covey_first_1995,
  title     = {First things first},
  author    = {Covey, Stephen R and Merrill, A Roger and Merrill, Rebecca R},
  year      = {1995},
  publisher = {Simon and Schuster}
},

@misc{ppginf,
  author       = {PPGI/UnB},
  title        = {Regimento do Programa de P\'{o}s-gradua\c{c}\~{a}o em Inform\'{a}tica da Universidade de Bras\'{i}lia},
  howpublished = {http://ppgi.unb.br/normatives},
  year         = {2013}
}
